@article{UniAsymmetry,
  author={Laurent Canetti and Marco Drewes and Mikhail Shaposhnikov},
  title={Matter and antimatter in the universe},
  journal={New Journal of Physics},
  volume={14},
  number={9},
  pages={095012},
  url={http://stacks.iop.org/1367-2630/14/i=9/a=095012},
  year={2012},
}

@article{Sakharov,
      author         = "Sakharov, A. D.",
      title          = "{Violation of CP Invariance, C asymmetry, and baryon
                        asymmetry of the universe}",
      journal        = "Pisma Zh. Eksp. Teor. Fiz.",
      volume         = "5",
      year           = "1967",
      pages          = "32-35",
      doi            = "10.1070/PU1991v034n05ABEH002497",
      note           = "[Usp. Fiz. Nauk161,no.5,61(1991)]",
      SLACcitation   = "%%CITATION = ZFPRA,5,32;%%"
}

@article{CKMTheory,
author = {Kobayashi, Makoto and Maskawa, Toshihide},
title = {CP-Violation in the Renormalizable Theory of Weak Interaction},
journal = {Progress of Theoretical Physics},
volume = {49},
number = {2},
pages = {652-657},
year = {1973},
doi = {10.1143/PTP.49.652},
URL = {http://dx.doi.org/10.1143/PTP.49.652},
}

@misc{website:CKMFitter,
      author = "{CKMFitter Group (J. Charles Et Al.), 2005.}", 
      title = "[hep-ph/0406184], updated results and plots available at: http://ckmfitter.in2p3.fr",
}

@article{B2DKD2hh,
      author        = {LHCb collaboration, R. Aaij et al.},
      title = {Measurement of CP observables in B{$\pm$}{$\rightarrow$}DK{$\pm$} and B{$\pm$}{$\rightarrow$}D{\ensuremath{\pi}}{$\pm$} with two- and four-body D decays},
      publisher = {Elsevier BV},
      journal = {Physics Letters B},
 			volume = {760},
      pages = {117--131},
      year = {2016},
			doi = {10.1016/j.physletb.2016.06.022},
      url = {http://eprints.gla.ac.uk/122389/},
}

@article{DalitzRun1,
      author        = "LHCb collaboration, R. Aaij et al.",
			title         = "{Measurement of the CKM angle $\gamma$ using $B^\pm\to
                       DK^\pm$ with $D\to K_\text{S}^0\pi^+\pi^-$,
                       $K_\text{S}^0K^+K^-$ decays}",
			journal="Journal of High Energy Physics",
			year="2014",
			day="16",
			volume="2014",
			number="10",
			pages="97",
			issn="1029-8479",
			doi="10.1007/JHEP10(2014)097",
			url="https://doi.org/10.1007/JHEP10(2014)097"
}


@article{DalitzRun2,
      author        = "LHCb collaboration, R. Aaij et al.",
			title         = "{Measurement of the CKM angle $\gamma$ using $B^\pm\to
                       DK^\pm$ with $D\to K_\text{S}^0\pi^+\pi^-$,
                       $K_\text{S}^0K^+K^-$ decays}",
      journal       = "JHEP",
      collaboration = "LHCb Collaboration",
      number        = "arXiv:1806.01202",
      volume        = "08",
      pages         = "176. 36 p",
      year          = "2018",
      reportNumber  = "arXiv:1806.01202",
      url           = "https://cds.cern.ch/record/2621724"
}

@article{B2DKstD2hh,
      author        = "LHCb collaboration, R. Aaij et al.",
      title         = "{Measurement of $CP$ observables in $B^{\pm} \rightarrow D
                       K^{*\pm}$ decays using two- and four-body $D$ final states.
                       Measurement of $CP$ observables in $B^{\pm} \rightarrow D
                       K^{*\pm}$ decays using two- and four-body $D$ final
                       states}",
      journal       = "JHEP",
      collaboration = "LHCb Collaboration",
      number        = "LHCB-PAPER-2017-030. LHCB-PAPER-2017-030",
      volume        = "11",
      pages         = "156. 27 p",
      year          = "2017",
      reportNumber  = "LHCB-PAPER-2017-030",
      url           = "https://cds.cern.ch/record/2284746"
}

@article{B2DstKD2hh,
      author        = "LHCb collaboration, R. Aaij et al.",
 			title         = "{Measurement of $CP$ observables in $B^\pm \to D^{(*)}
                       K^\pm$ and $B^\pm \to D^{(*)} \pi^\pm$ decays. Measurement
                       of $CP$ observables in $B^\pm \to D^{(*)} K^\pm$ and $B^\pm
                       \to D^{(*)} \pi^\pm$ decays}",
      journal       = "Phys. Lett. B",
      collaboration = "LHCb Collaboration",
      number        = "LHCB-PAPER-2017-021. LHCB-PAPER-2017-021",
      volume        = "777",
      pages         = "16-30. 15 p",
      year          = "2017",
      reportNumber  = "LHCB-PAPER-2017-021",
      url           = "https://cds.cern.ch/record/2280557"
}

@article{B2phimumu,
      author        = "LHCb collaboration, R. Aaij et al.",
			title         = "{Angular analysis and differential branching fraction of
                       the decay $B^0_s\to\phi\mu^+\mu^-$}",
      journal       = "JHEP",
      collaboration = "LHCb collaboration",
      number        = "CERN-PH-EP-2015-145. CERN-PH-EP-2015-145.
                       LHCB-PAPER-2015-023",
      volume        = "09",
      pages         = "179. 34 p",
      year          = "2015",
      reportNumber  = "CERN-PH-EP-2015-145",
      url           = "https://cds.cern.ch/record/2029820"
}

@article{B2Kstmumu,
      author        = "LHCb collaboration, R. Aaij et al.",
 			title         = "{Angular analysis of the $B^{0}\rightarrow
                       K^{*0}\mu^{+}\mu^{-}$ decay using 3 fb$^{-1}$ of integrated
                       luminosity}",
      journal       = "JHEP",
      collaboration = "LHCb collaboration",
      number        = "CERN-PH-EP-2015-314. CERN-PH-EP-2015-314.
                       LHCB-PAPER-2015-051",
      volume        = "02",
      pages         = "104. 92 p",
      year          = "2015",
      reportNumber  = "CERN-PH-EP-2015-314",
      url           = "https://cds.cern.ch/record/2115087"
}

@article{Rk,
      author        = "LHCb collaboration, R. Aaij et al.",
			title         = "{Test of lepton universality using $B^{+}\rightarrow
                       K^{+}\ell^{+}\ell^{-}$ decays}",
      journal       = "Phys. Rev. Lett.",
      collaboration = "LHCb Collaboration",
      number        = "arXiv:1406.6482. CERN-PH-EP-2014-140. LHCB-PAPER-2014-024",
      volume        = "113",
      pages         = "151601. 10 p",
      year          = "2014",
      reportNumber  = "arXiv:1406.6482",
      url           = "https://cds.cern.ch/record/1711787"
}

@article{Rkst,
      author        = "LHCb collaboration, R. Aaij et al.",
			title         = "{Test of lepton universality with $B^{0} \rightarrow
                       K^{*0}\ell^{+}\ell^{-}$ decays. Test of lepton universality
                       with $B^{0} \rightarrow K^{*0}\ell^{+}\ell^{-}$ decays}",
      journal       = "JHEP",
      collaboration = "LHCb Collaboration",
      number        = "LHCB-PAPER-2017-013. LHCB-PAPER-2017-013",
      volume        = "08",
      pages         = "055",
      year          = "2017",
      reportNumber  = "LHCB-PAPER-2017-013",
      url           = "https://cds.cern.ch/record/2264957"
}

@article{RDst,
      author        = "LHCb collaboration, R. Aaij et al.",
			title         = "{Measurement of the ratio of the $B^0 \to D^{*-} \tau^+
                       \nu_{\tau}$ and $B^0 \to D^{*-} \mu^+ \nu_{\mu}$ branching
                       fractions using three-prong $\tau$-lepton decays}",
      journal       = "Phys. Rev. Lett.",
      collaboration = "LHCb Collaboration",
      number        = "LHCB-PAPER-2017-017. LHCB-PAPER-2017-017",
      volume        = "120",
      pages         = "171802. 11 p",
      year          = "2017",
      reportNumber  = "LHCB-PAPER-2017-017",
      url           = "https://cds.cern.ch/record/2281448"
}

@article{ADSRef,
  title = {Enhanced     \textit{CP}   Violation with $\mathit{B}\ensuremath{\rightarrow}{\mathrm{KD}}^{0}({\overline{D}}^{0})$ Modes and Extraction of the Cabibbo-Kobayashi-Maskawa Angle $\ensuremath{\gamma}$},
  author = {D. Atwood and I. Dunietz and A. Soni},
  journal = {Phys. Rev. Lett.},
  volume = {78},
  issue = {17},
  pages = {3257--3260},
  numpages = {0},
  year = {1997},
  publisher = {American Physical Society},
}

@article{GLWRef,
author = "M. Gronau and D. Wyler",
title = "On determining a weak phase from charged B decay asymmetries",
journal = "Physics Letters B",
volume = "265",
number = "1",
pages = "172 - 176",
year = "1991",
note = "",
issn = "0370-2693",
}

@article{ADSDstar,
         author        = "Bondar, A. and Gershon, T.",
         title         = "{On $\phi_3$ Measurements Using $B^- \to D^* K^-$ Decays}",
         journal       = "Phys. Rev. D",
         number        = "hep-ph/0409281",
         volume        = "70",
         pages         = "091503. 5 p",
         year          = "2004",
         reportNumber  = "hep-ph/0409281",
}

@inproceedings{BaBarADS,
  author         = "B. Aubert and others",
  title          = "{Search for $b \to u$ transitions in $B^{-} \to$ (anti-) $D^0 K^{-}$ and $B^{-} \to$ (anti-) D*0 $K^{-}$}",
  booktitle      = "{Proceedings, 32nd International Conference on High Energy Physics (ICHEP 2004)}",
  collaboration  = "BaBar",
  year           = "2004",
  archivePrefix  = "arXiv",
  primaryClass   = "hep-ex",
  reportNumber   = "SLAC-PUB-10615, BABAR-CONF-04-013",
}

@article{BelleGLW,
      author         = "Abe, Kazuo and others",
      title          = "{Study of B+- ---> D(CP)K+- and D*(CP)K+- decays}",
      collaboration  = "Belle",
      journal        = "Phys. Rev.",
      volume         = "D73",
      year           = "2006",
      pages          = "051106",
      doi            = "10.1103/PhysRevD.73.051106",
      eprint         = "hep-ex/0601032",
      archivePrefix  = "arXiv",
      primaryClass   = "hep-ex",
      reportNumber   = "BELLE-PREPRINT-2006-1, KEK-PREPRINT-2005-91",
      SLACcitation   = "%%CITATION = HEP-EX/0601032;%%"
}

@article{BaBarGLW,
      author         = "Aubert, Bernard and others",
      title          = "{Measurement of Ratios of Branching Fractions and
                        CP-Violating Asymmetries of $B^\pm \to D^{*} K^\pm$
                        Decays}",
      collaboration  = "BaBar",
      journal        = "Phys. Rev.",
      volume         = "D78",
      year           = "2008",
      pages          = "092002",
      doi            = "10.1103/PhysRevD.78.092002",
      eprint         = "0807.2408",
      archivePrefix  = "arXiv",
      primaryClass   = "hep-ex",
      reportNumber   = "SLAC-PUB-13305, BABAR-PUB-08-017",
      SLACcitation   = "%%CITATION = ARXIV:0807.2408;%%"
}

@article{PartReco,
      author         = "Aaij, Roel and others",
      title          = "{Measurement of $CP$ observables in $B^\pm \to D^{(*)}
                        K^\pm$ and $B^\pm \to D^{(*)} \pi^\pm$ decays}",
      collaboration  = "LHCb",
      journal        = "Phys. Lett.",
      volume         = "B777",
      year           = "2018",
      pages          = "16-30",
      doi            = "10.1016/j.physletb.2017.11.070",
      eprint         = "1708.06370",
      archivePrefix  = "arXiv",
      primaryClass   = "hep-ex",
      reportNumber   = "LHCB-PAPER-2017-021, CERN-EP-2017-195",
      SLACcitation   = "%%CITATION = ARXIV:1708.06370;%%"
}
